@article{Furmanet2015,
  title={Pan-African phylogeography of a model organism, the African clawed frog ‘Xenopus laevis’},
  author={Furman, Benjamin LS and Bewick, Adam J and Harrison, Tia L and Greenbaum, Eli and Gvo{\v{z}}d{\'\i}k, V{\'a}clav and Kusamba, Chifundera and Evans, Ben J},
  journal={Molecular ecology},
  volume={24},
  number={4},
  pages={909--925},
  year={2015},
  publisher={Wiley Online Library}
}
